<record xmlns="http://www.loc.gov/MARC21/slim" xmlns:xsi="http://www.w3.org/2001/XMLSchema-instance" xsi:schemaLocation="http://www.loc.gov/MARC21/slim http://www.loc.gov/standards/marcxml/schema/MARC21slim.xsd"><leader>     nam a22        4500</leader><controlfield tag="001">1801260</controlfield><controlfield tag="003">NIC</controlfield><controlfield tag="006">m        d        </controlfield><controlfield tag="007">cr cn |||m|||a</controlfield><controlfield tag="008">150323m19009999ua c    o     000 0 arar </controlfield><datafield ind1=" " ind2=" " tag="020"><subfield code="z">9777327218 (v. 13)</subfield></datafield><datafield ind1=" " ind2=" " tag="020"><subfield code="z">9789777327213 (v. 13)</subfield></datafield><datafield ind1=" " ind2=" " tag="040"><subfield code="a">NNU</subfield><subfield code="b">eng</subfield><subfield code="e">rda</subfield><subfield code="c">NNU</subfield></datafield><datafield ind1="0" ind2="0" tag="050"><subfield code="a">BP130.7</subfield><subfield code="b">.S45 1980</subfield></datafield><datafield ind1="1" ind2=" " tag="100"><subfield code="6">880-01</subfield><subfield code="a">Sha&#699;ra&#772;wi&#772;, Muh&#803;ammad Mutawalli&#772;.</subfield></datafield><datafield ind1="1" ind2="0" tag="245"><subfield code="6">880-02</subfield><subfield code="a">Mu&#699;jizat al-Qur&#700;a&#772;n /</subfield><subfield code="c">Muh&#803;ammad Mutawalli&#772; al-Sha&#699;ra&#772;wi&#772;.</subfield></datafield><datafield ind1=" " ind2=" " tag="260"><subfield code="6">880-03</subfield><subfield code="a">al-Qa&#772;hirah :</subfield><subfield code="b">Akhba&#772;r al-Yawm,</subfield><subfield code="c">&lt;1980-[1989]&gt;</subfield></datafield><datafield ind1=" " ind2=" " tag="300"><subfield code="a">online resource (&lt;volumes 1-9, 11; in 8&gt;) :</subfield><subfield code="b">portraits</subfield></datafield><datafield ind1=" " ind2=" " tag="336"><subfield code="a">text</subfield><subfield code="2">rdacontent</subfield></datafield><datafield ind1=" " ind2=" " tag="337"><subfield code="a">computer</subfield><subfield code="2">rdamedia</subfield></datafield><datafield ind1=" " ind2=" " tag="338"><subfield code="a">online resource</subfield><subfield code="2">rdacarrier</subfield></datafield><datafield ind1="1" ind2=" " tag="490"><subfield code="6">880-04</subfield><subfield code="a">Kita&#772;b al-yawm ;</subfield><subfield code="v">al-&#699;adad 187, &lt;202, 216, 229, 242, 256, 268, 293&gt;</subfield></datafield><datafield ind1=" " ind2=" " tag="500"><subfield code="a">Part of the Arabic Collections Online (ACO) project, contributed by Cornell University Libraries.</subfield></datafield><datafield ind1=" " ind2=" " tag="533"><subfield code="a">Electronic reproduction.</subfield><subfield code="b">New York, N.Y. :</subfield><subfield code="c">New York University,</subfield><subfield code="d">2015.</subfield><subfield code="5">NNU</subfield></datafield><datafield ind1="0" ind2="0" tag="630"><subfield code="a">Qur&#700;an</subfield><subfield code="x">Evidences, authority, etc.</subfield></datafield><datafield ind1="0" ind2="0" tag="630"><subfield code="a">Qur&#700;an</subfield><subfield code="x">Appreciation.</subfield></datafield><datafield ind1="0" ind2="7" tag="630"><subfield code="a">Qur&#700;an.</subfield><subfield code="2">fast</subfield><subfield code="0">(OCoLC)fst01842877</subfield></datafield><datafield ind1=" " ind2="7" tag="650"><subfield code="a">Art appreciation.</subfield><subfield code="2">fast</subfield><subfield code="0">(OCoLC)fst00815447</subfield></datafield><datafield ind1=" " ind2="7" tag="650"><subfield code="a">Authority</subfield><subfield code="x">Religious aspects.</subfield><subfield code="2">fast</subfield><subfield code="0">(OCoLC)fst00821658</subfield></datafield><datafield ind1="2" ind2=" " tag="710"><subfield code="a">Cornell University.</subfield><subfield code="b">Libraries.</subfield></datafield><datafield ind1="0" ind2=" " tag="730"><subfield code="a">Arabic Collections Online.</subfield></datafield><datafield ind1="0" ind2="8" tag="776"><subfield code="i">Online version:</subfield><subfield code="a">Sha&#699;ra&#772;wi&#772;, Muh&#803;ammad Mutawalli&#772;.</subfield><subfield code="t">Mu&#699;jizat al-Qur&#700;a&#772;n.</subfield><subfield code="d">al-Qa&#772;hirah : Akhba&#772;r al-Yawm, &lt;1980-[1989]&gt;</subfield><subfield code="w">(OCoLC)592221194</subfield></datafield><datafield ind1="0" ind2="8" tag="776"><subfield code="i">Online version:</subfield><subfield code="a">Sha&#699;ra&#772;wi&#772;, Muh&#803;ammad Mutawalli&#772;.</subfield><subfield code="t">Mu&#699;jizat al-Qur&#700;a&#772;n.</subfield><subfield code="d">al-Qa&#772;hirah : Akhba&#772;r al-Yawm, &lt;1980-[1989]&gt;</subfield><subfield code="w">(OCoLC)613209220</subfield></datafield><datafield ind1="0" ind2="8" tag="776"><subfield code="i">Print version:</subfield><subfield code="a">Sha&#699;ra&#772;wi&#772;, Muh&#803;ammad Mutawalli&#772;.</subfield><subfield code="t">Mu&#699;jizat al-Qur&#700;a&#772;n</subfield><subfield code="w">(NIC)1801260</subfield><subfield code="w">(DLC)   80961133 </subfield><subfield code="w">(OCoLC)13397434</subfield><subfield code="z">9777327218 (v. 13)</subfield><subfield code="z">9789777327213 (v. 13)</subfield></datafield><datafield ind1=" " ind2="0" tag="830"><subfield code="6">880-05</subfield><subfield code="a">Kita&#772;b al-yawm ;</subfield><subfield code="v">al-&#699;adad 187, &lt;202, 216, 229, 242, 256, 268, 293&gt;.</subfield></datafield><datafield ind1="4" ind2="0" tag="856"><subfield code="u">http://hdl.handle.net/2333.1/d7wm3b1w</subfield></datafield><datafield ind1="1" ind2=" " tag="880"><subfield code="6">100-01/r</subfield><subfield code="a">&#1588;&#1593;&#1585;&#1575;&#1608;&#1610;&#1548; &#1605;&#1581;&#1605;&#1583; &#1605;&#1578;&#1608;&#1604;&#1610;.</subfield></datafield><datafield ind1="1" ind2="0" tag="880"><subfield code="6">245-02/r</subfield><subfield code="a">&#1605;&#1593;&#1580;&#1586;&#1577; &#1575;&#1604;&#1602;&#1585;&#1570;&#1606; /</subfield><subfield code="c">&#1605;&#1581;&#1605;&#1583; &#1605;&#1578;&#1608;&#1604;&#1610; &#1575;&#1604;&#1588;&#1593;&#1585;&#1575;&#1608;&#1610;.</subfield></datafield><datafield ind1=" " ind2=" " tag="880"><subfield code="6">260-03/r</subfield><subfield code="a">&#1575;&#1604;&#1602;&#1575;&#1607;&#1585;&#1577; :</subfield><subfield code="b">&#1575;&#1582;&#1576;&#1575;&#1585; &#1575;&#1604;&#1610;&#1608;&#1605;&#1548;</subfield><subfield code="c">&lt;1980[1989]&gt;</subfield></datafield><datafield ind1="1" ind2=" " tag="880"><subfield code="6">490-04/r</subfield><subfield code="a">&#1603;&#1578;&#1575;&#1576; &#1575;&#1604;&#1610;&#1608;&#1605; &#1563;</subfield><subfield code="v">&#1575;&#1604;&#1593;&#1583;&#1583; 187&#1548; &lt;202&#1548; 216&#1548; 229&#1548; 242&#1548; 256&#1548; 268&#1548; 293&gt;</subfield></datafield><datafield ind1=" " ind2="0" tag="880"><subfield code="6">830-05/r</subfield><subfield code="a">&#1603;&#1578;&#1575;&#1576; &#1575;&#1604;&#1610;&#1608;&#1605; &#1563;</subfield><subfield code="v">&#1575;&#1604;&#1593;&#1583;&#1583; 187&#1548; &lt;202&#1548; 216&#1548; 229&#1548; 242&#1548; 256&#1548; 268&#1548; 293&gt;.</subfield></datafield><datafield ind1=" " ind2=" " tag="959"><subfield code="a">NNU</subfield><subfield code="b">WEB</subfield><subfield code="c">GENI</subfield><subfield code="t">0</subfield><subfield code="m">Electronic access</subfield><subfield code="s">01</subfield></datafield><datafield ind1=" " ind2=" " tag="999"><subfield code="i">NIC_1801260</subfield><subfield code="o">(OCoLC)ocm13397434</subfield><subfield code="s">cornell_aco000252:juz7</subfield><subfield code="s">cornell_aco000253:juz8</subfield><subfield code="s">cornell_aco000254:juz9</subfield><subfield code="s">cornell_aco000255:juz10</subfield><subfield code="s">cornell_aco000256:juz11</subfield><subfield code="e">(ERROR-880)(ERROR-SERIES)</subfield><subfield code="s">cornell_aco000252:juz7</subfield><subfield code="s">cornell_aco000253:juz8</subfield><subfield code="s">cornell_aco000254:juz9</subfield><subfield code="s">cornell_aco000255:juz10</subfield><subfield code="s">cornell_aco000256:juz11</subfield></datafield></record>